@IEEEtranBSTCTL{IEEEexample:BSTcontrol,
CTLuse_forced_etal       = "yes",
CTLmax_names_forced_etal = "3",
CTLnames_show_etal       = "2"
}
@book{InfH,
address = {M\"{u}nchen -- Wien},
author = {Rechenberg, Peter and Pomberger, Gustav and Blaschek, G\"{u}nther and Bode, Arndt and Bohn, Wilhelm Friedrich and Borrmann, Lothar and Buchberger, Bruno},
edition = {4th},
publisher = {Hanser Verlag},
title = {{Informatik Handbuch}},
year = {2006}
}
@misc{APCW2006,
note = {letzter Zugriff am 23.05.2021},
author = {{Association for Progressive Communications}},
title = {{Wireless technology is irreplaceable for providing access in remote and scarcely populated regions}},
url = {http://www.apc.org/en/news/strategic/world/wireless-technology-irreplaceable-providing-access},
year = {2006}
}

@misc{StatAustPKW,
  author       = {Statistik Austria},
  title        = {Vorläufiger Fahrzeug-Bestand am 28.02.2022},
  note         = {Zuletzt besucht am 25.03.2022},
  url          = {https://www.statistik.at/wcm/idc/idcplg?IdcService=GET_PDF_FILE&RevisionSelectionMethod=LatestReleased&dDocName=062059},
}

@misc{WhyNodeJs,
  author       = {Tomislav Capan, JavaScript Developer},
  url          = {https://www.toptal.com/nodejs/why-the-hell-would-i-use-node-js},
  note         = {Zuletzt besucht am 25.03.2022},
}

@misc{CompareBackendLanguage,
  author       = {Learneroo},
  url          = {https://www.learneroo.com/modules/9/nodes/620},
  note         = {Zuletzt besucht am 25.03.2022},
}

@misc{WhyExpress,
  author       = {Syamlal CM},
  url          = {https://www.techomoro.com/what-are-the-benefits-of-using-express-js-for-backend-development/},
  note         = {Zuletzt besucht am 25.03.2022},
}

@misc{WhyMongoDB,
  author       = {MongoDB},
  url          = {https://www.mongodb.com/why-use-mongodb},
  note         = {Zuletzt besucht am 25.03.2022},
}

@misc{WhatIsRaspberryPi,
  author       = {Raspberry Pi Foundation},
  url          = {https://www.raspberrypi.org/help/what-%20is-a-raspberry-pi/},
  note         = {Zuletzt besucht am 25.03.2022},
}

@misc{RaspberryImage,
  author       = {Raspberry Pi Foundation},
  url          = {https://assets.raspberrypi.com/static/raspberry-pi-4-labelled-dc5d034fb85873018dff0857352b40bf.png},
  note         = {Zuletzt besucht am 26.03.2022},
}
@misc{RaspySpecs,
  author       = {Raspberry Pi Foundation},
  url          = {https://www.raspberrypi.com/products/raspberry-pi-4-model-b/specifications/},
  note         = {Zuletzt besucht am 26.03.2022},
}
@misc{RaspyMarketShare,
  author       = {Industry ARC},
  url          = {https://www.industryarc.com/Report/19454/industrial-raspberry-pi-market.html},
  note         = {Zuletzt besucht am 26.03.2022},
}
@misc{PiCamera,
  author       = {Raspberry Pi Foundation},
  url          = {https://images.prismic.io/rpf-products/ffa68a46-fd44-4995-9ad4-ac846a5563f1_Camera%20V2%20Hero.jpg?ixlib=gatsbyFP&auto=compress%2Cformat&fit=max&q=50&w=600&h=400},
  note         = {Zuletzt besucht am 26.03.2022},
}
@misc{RaspberryDisplay,
  author       = {AZ-Delivery},
  title={HD44780 2004 LCD Display Bundle 4x20 Zeichen mit I2C Schnittstelle},
  url          = {https://cdn.shopify.com/s/files/1/1509/1638/products/1.Main_1x_HD447802004LCDDisplayBundleGrun4x20ZeichenmitI2CSchnittstelle_500x.jpg?v=1597657362},
  note         = {Zuletzt besucht am 26.03.2022},
}
@misc{DifferentConnectionTypesDisplay,
  author       = {AZ-Delivery},
  url          = {https://cdn.shopify.com/s/files/1/1509/1638/files/HD44780_2004_Blaues_LCD_Display_mit_I2C_Serielle_Schnittstelle_Bundle_Datenblatt_AZ-Delivery_Vertriebs_GmbH.pdf?v=1591270653},
  note         = {Zuletzt besucht am 27.03.2022},
  title={HD44780 2004 Blaues LCD Display Bundle 4x20 Zeichen mit I2C Schnittstelle Datenblatt}
}
@misc{ACID,
  author       = {IBM},
  url          = {https://www.ibm.com/docs/de/cics-ts/5.4?topic=processing-acid-properties-transactions},
  title        = {ACID-Eigenschaften für Transaktionen},
  note         = {Zuletzt besucht am 28.03.2022},
}
@misc{VorteileMongoDB,
  author       = {IONOS},
  url          = {https://www.ionos.de/digitalguide/websites/web-entwicklung/mongodb-vorstellung-und-vergleich-mit-mysql/},
  note         = {Zuletzt besucht am 28.03.2022},
}